<?xml version="1.0" encoding="UTF-8"?><collection xmlns="http://www.loc.gov/MARC21/slim"><record><leader>00265nam--2200109-i-4500</leader><controlfield tag="001">000042281</controlfield><controlfield tag="002">20161230</controlfield><controlfield tag="005">20161230201043</controlfield><controlfield tag="008">060222s1000------------r-----000-0-eng-d</controlfield><datafield ind1=" " ind2=" " tag="245"><subfield code="a">Soreq research establishment</subfield></datafield><datafield ind1=" " ind2=" " tag="260"><subfield code="a">Tel-aviv, Arieli Press Ltd.,1963</subfield></datafield><datafield ind1=" " ind2=" " tag="852"><subfield code="a">19472</subfield></datafield></record></collection>